
@article{Duev:19:Braii,
	author = {{Duev}, Dmitry A. and {Mahabal}, Ashish and {Masci}, Frank J. and {Graham}, Matthew J. and {Rusholme}, Ben and {Walters}, Richard and {Karmarkar}, Ishani and {Frederick}, Sara and {Kasliwal}, Mansi M. and {Rebbapragada}, Umaa and {Ward}, Charlotte},
	journal = {\mnras},
	month = nov,
	number = {3},
	pages = {3582-3590},
	title = {{Real-bogus classification for the Zwicky Transient Facility using deep learning}},
	volume = {489},
	year = 2019}

@article{Goldstein:15:DESRealBogus,
	author = {{Goldstein}, D.~A. and {D'Andrea}, C.~B. and {Fischer}, J.~A. and {Foley}, R.~J. and {Gupta}, R.~R. and {Kessler}, R. and {Kim}, A.~G. and {Nichol}, R.~C. and {Nugent}, P.~E. and {Papadopoulos}, A. and {Sako}, M. and {Smith}, M. and {Sullivan}, M. and {Thomas}, R.~C. and {Wester}, W. and {Wolf}, R.~C. and {Abdalla}, F.~B. and {Banerji}, M. and {Benoit-L{\'e}vy}, A. and {Bertin}, E. and {Brooks}, D. and {Carnero Rosell}, A. and {Castander}, F.~J. and {da Costa}, L.~N. and {Covarrubias}, R. and {DePoy}, D.~L. and {Desai}, S. and {Diehl}, H.~T. and {Doel}, P. and {Eifler}, T.~F. and {Fausti Neto}, A. and {Finley}, D.~A. and {Flaugher}, B. and {Fosalba}, P. and {Frieman}, J. and {Gerdes}, D. and {Gruen}, D. and {Gruendl}, R.~A. and {James}, D. and {Kuehn}, K. and {Kuropatkin}, N. and {Lahav}, O. and {Li}, T.~S. and {Maia}, M.~A.~G. and {Makler}, M. and {March}, M. and {Marshall}, J.~L. and {Martini}, P. and {Merritt}, K.~W. and {Miquel}, R. and {Nord}, B. and {Ogando}, R. and {Plazas}, A.~A. and {Romer}, A.~K. and {Roodman}, A. and {Sanchez}, E. and {Scarpine}, V. and {Schubnell}, M. and {Sevilla-Noarbe}, I. and {Smith}, R.~C. and {Soares-Santos}, M. and {Sobreira}, F. and {Suchyta}, E. and {Swanson}, M.~E.~C. and {Tarle}, G. and {Thaler}, J. and {Walker}, A.~R.},
	journal = {\aj},
	month = sep,
	pages = {82},
	title = {{Automated Transient Identification in the Dark Energy Survey}},
	volume = 150,
	year = 2015}

@article{Wright:15:PS1ML,
	author = {{Wright}, D.~E. and {Smartt}, S.~J. and {Smith}, K.~W. and {Miller}, P. and {Kotak}, R. and {Rest}, A. and {Burgett}, W.~S. and {Chambers}, K.~C. and {Flewelling}, H. and {Hodapp}, K.~W. and {Huber}, M. and {Jedicke}, R. and {Kaiser}, N. and {Metcalfe}, N. and {Price}, P.~A. and {Tonry}, J.~L. and {Wainscoat}, R.~J. and {Waters}, C.},
	journal = {\mnras},
	month = may,
	pages = {451-466},
	title = {{Machine learning for transient discovery in Pan-STARRS1 difference imaging}},
	volume = 449,
	year = 2015}

@article{Brink:13:RB2,
	author = {{Brink}, H. and {Richards}, J.~W. and {Poznanski}, D. and {Bloom}, J.~S. and {Rice}, J. and {Negahban}, S. and {Wainwright}, M.},
	journal = {\mnras},
	month = oct,
	pages = {1047-1060},
	title = {{Using machine learning for discovery in synoptic survey imaging data}},
	volume = 435,
	year = 2013}

@article{Bloom:12:RealBogus,
	author = {{Bloom}, J.~S. and {Richards}, J.~W. and {Nugent}, P.~E. and {Quimby}, R.~M. and {Kasliwal}, M.~M. and {Starr}, D.~L. and {Poznanski}, D. and {Ofek}, E.~O. and {Cenko}, S.~B. and {Butler}, N.~R. and {Kulkarni}, S.~R. and {Gal-Yam}, A. and {Law}, N.},
	journal = {\pasp},
	month = nov,
	pages = {1175},
	title = {{Automating Discovery and Classification of Transients and Variable Stars in the Synoptic Survey Era}},
	volume = 124,
	year = 2012}

@article{Bailey:07:NearbySNFML,
	author = {{Bailey}, S. and {Aragon}, C. and {Romano}, R. and {Thomas}, R.~C. and {Weaver}, B.~A. and {Wong}, D.},
	journal = {\apj},
	month = aug,
	pages = {1246-1253},
	title = {{How to Find More Supernovae with Less Work: Object Classification Techniques for Difference Imaging}},
	volume = 665,
	year = 2007}


@article{Sedaghat:17:Transinet,
	author = {{Sedaghat}, N. and {Mahabal}, A.},
	journal = {ArXiv e-prints},
	month = oct,
	title = {{Effective Image Differencing with ConvNets for Real-time Transient Hunting}},
	year = 2017}



@article{Acero-Cuellar:22:NoDifference,
	author = {{Acero-Cuellar}, Tatiana and {Bianco}, Federica and {Dobler}, Gregory and {Sako}, Masao and {Qu}, Helen},
	journal = {arXiv e-prints},
	month = mar,
	pages = {arXiv:2203.07390},
	title = {{There's no difference: Convolutional Neural Networks for transient detection without template subtraction}},
	year = 2022}
